%%%% references TBD

@misc{spec,
	author = "Rich Hickey",
	title = {clojure.spec - {Rationale} and {Overview}},
	howpublished = "\url{https://clojure.org/about/spec}",
	lastchecked = {3/24/17}
	year = {2016},
}